@article{carr2022generalized,
  title={Generalized Compounding and Growth Optimal Portfolios Reconciling {K}elly and {S}amuelson},
  author={Carr, Peter and Cherubini, Umberto},
  journal={The Journal of Derivatives},
  volume={30},
  number={2},
  pages={74--93},
  year={2022},
  publisher={Institutional Investor Journals Umbrella}
}

@article{redner1990random,
  title={Random multiplicative processes: An elementary tutorial},
  author={Redner, Sidney},
  journal={American Journal of Physics},
  volume={58},
  number={3},
  pages={267--273},
  year={1990},
  publisher={American Association of Physics Teachers}
}

@article{yamano2002some,
  title={{Some properties of q-logarithm and q-exponential functions in Tsallis statistics}},
  author={Yamano, Takuya},
  journal={Physica A: Statistical Mechanics and its Applications},
  volume={305},
  number={3-4},
  pages={486--496},
  year={2002},
  publisher={Elsevier}
}

@book{bender2013advanced,
  title={Advanced mathematical methods for scientists and engineers I: Asymptotic methods and perturbation theory},
  author={Bender, Carl M and Orszag, Steven A},
  year={2013},
  publisher={Springer Science \& Business Media}
}
